@article{lausier2018overlooked,
  title={Overlooked Trends in Observed Global Annual Precipitation Reveal Underestimated Risks},
  author={Lausier, Anne M and Jain, Shaleen},
  journal={Scientific reports},
  volume={8},
  number={1},
  pages={16746},
  year={2018},
  publisher={Nature Publishing Group}
}

@article{singh2011trading,
  title={A trading-space-for-time approach to probabilistic continuous streamflow predictions in a changing climate--accounting for changing watershed behavior},
  author={Singh, R and Wagener, T and Werkhoven, K van and Mann, ME and Crane, R},
  journal={Hydrology and Earth System Sciences},
  volume={15},
  number={11},
  pages={3591--3603},
  year={2011},
  publisher={Copernicus GmbH}
}

@article{zubieta2017spatial,
  title={Spatial analysis and temporal trends of daily precipitation concentration in the Mantaro River basin: central Andes of Peru},
  author={Zubieta, Ricardo and Saavedra, Miguel and Silva, Yamina and Gir{\'a}ldez, Lucy},
  journal={Stochastic Environmental Research and Risk Assessment},
  volume={31},
  number={6},
  pages={1305--1318},
  year={2017},
  publisher={Springer}
}

@article{de2017can,
  title={Can significant trends be detected in surface air temperature and precipitation over South America in recent decades?},
  author={de Barros Soares, Daniel and Lee, Huikyo and Loikith, Paul C and Barkhordarian, Armineh and Mechoso, Carlos R},
  journal={International Journal of Climatology},
  volume={37},
  number={3},
  pages={1483--1493},
  year={2017},
  publisher={Wiley Online Library}
}

@article{vicente2018recent,
  title={Recent changes in monthly surface air temperature over Peru, 1964--2014},
  author={Vicente-Serrano, Sergio M and L{\'o}pez-Moreno, Juan I and Correa, Kris and Avalos, Grinia and Bazo, Juan and Azorin-Molina, Cesar and Dom{\'\i}nguez-Castro, Fernando and Kenawy, Ahmed El and Gimeno, Luis and Nieto, Raquel},
  journal={International Journal of Climatology},
  volume={38},
  number={1},
  pages={283--306},
  year={2018},
  publisher={Wiley Online Library}
}

@article{lopez2016recent,
  title={Recent temperature variability and change in the Altiplano of Bolivia and Peru},
  author={L{\'o}pez-Moreno, Juan I and Mor{\'a}n-Tejeda, Enrique and Vicente-Serrano, Sergio M and Bazo, J and Azorin-Molina, C{\'e}sar and Revuelto, Jes{\'u}s and S{\'a}nchez-Lorenzo, Arturo and Navarro-Serrano, F and Aguilar, E and Chura, O},
  journal={International Journal of Climatology},
  volume={36},
  number={4},
  pages={1773--1796},
  year={2016},
  publisher={Wiley Online Library}
}

@article{hunziker2018effects,
  title={Effects of undetected data quality issues on climatological analyses},
  author={Hunziker, Stefan and Br{\"o}nnimann, Stefan and Calle, Juan and Moreno, Isabel and Andrade, Marcos and Ticona, Laura and Huerta, Adrian and Lavado-Casimiro, Waldo},
  journal={Climate of the Past},
  volume={14},
  number={1},
  pages={1--20},
  year={2018},
  publisher={Copernicus GmbH}
}

@article{rosas2016towards,
  title={Towards implementing climate services in Peru--The project CLIMANDES},
  author={Rosas, G and Gubler, Stefanie and Oria, C and Acu{\~n}a, D and {\'A}valos, G and Begert, M and Castillo, E and Croci-Maspoli, M and Cubas, F and Dapozzo, M and others},
  journal={Climate Services},
  volume={4},
  pages={30--41},
  year={2016},
  publisher={Elsevier}
}

@article{vuille2015impact,
  title={Impact of the global warming hiatus on Andean temperature},
  author={Vuille, Mathias and Franquist, Eric and Garreaud, Ren{\'e} and Lavado Casimiro, Waldo Sven and C{\'a}ceres, Bolivar},
  journal={Journal of Geophysical Research: Atmospheres},
  volume={120},
  number={9},
  pages={3745--3757},
  year={2015},
  publisher={Wiley Online Library}
}

@misc{stocker2013climate,
  title={Climate change 2013: The physical science basis},
  author={Stocker, Thomas F and Qin, Dahe and Plattner, Gian-Kasper and Tignor, Melinda and Allen, Simon K and Boschung, Judith and Nauels, Alexander and Xia, Yu and Bex, Vincent and Midgley, Pauline M and others},
  year={2013},
  publisher={Cambridge University Press Cambridge}
}

@article{fathi2019new,
  title={A new Budyko framework extension using time series SARIMAX model},
  author={Fathi, Mohamed M and Awadallah, Ayman G and Abdelbaki, Ahmed M and Haggag, Mohammed},
  journal={Journal of hydrology},
  volume={570},
  pages={827--838},
  year={2019},
  publisher={Elsevier}
}

@article{moussa2016budyko,
  title={The Budyko functions under non-steady-state conditions},
  author={Moussa, Roger and Lhomme, Jean-Paul},
  journal={Hydrology and Earth System Sciences},
  volume={20},
  number={12},
  pages={4867--4879},
  year={2016},
  publisher={Copernicus GmbH}
}

@article{greve2016two,
  title={A two-parameter Budyko function to represent conditions under which evapotranspiration exceeds precipitation},
  author={Greve, Peter and Gudmundsson, Lukas and Orlowsky, Boris and Seneviratne, Sonia I},
  journal={Hydrology and Earth System Sciences},
  volume={20},
  number={6},
  pages={2195--2205},
  year={2016},
  publisher={Copernicus GmbH}
}

@article{da2019spatial,
  title={The spatial variability of actual evapotranspiration across the Amazon River Basin based on remote sensing products validated with flux towers},
  author={da Motta Paca, Victor Hugo and Espinoza-D{\'a}valos, Gonzalo E and Hessels, Tim M and Moreira, Daniel Medeiros and Comair, Georges F and Bastiaanssen, Wim GM},
  journal={Ecological Processes},
  volume={8},
  number={1},
  pages={6},
  year={2019},
  publisher={Springer}
}

@Article{Weerasinghe2019discuss,
AUTHOR = {Weerasinghe, I. and van Griensven, A. and Bastiaanssen, W. and Mul, M. and Jia, L.},
TITLE = {Can we trust remote sensing ET products over Africa?},
JOURNAL = {Hydrology and Earth System Sciences Discussions},
VOLUME = {2019},
YEAR = {2019},
PAGES = {1--27},
URL = {https://www.hydrol-earth-syst-sci-discuss.net/hess-2019-233/},
DOI = {10.5194/hess-2019-233}
}

@article{rodell2018emerging,
  title={Emerging trends in global freshwater availability},
  author={Rodell, Matthew and Famiglietti, JS and Wiese, DN and Reager, JT and Beaudoing, HK and Landerer, Felix W and Lo, M-H},
  journal={Nature},
  volume={557},
  number={7707},
  pages={651},
  year={2018},
  publisher={Nature Publishing Group}
}

@article{zhang2016multi,
  title={Multi-decadal trends in global terrestrial evapotranspiration and its components},
  author={Zhang, Yongqiang and Pe{\~n}a-Arancibia, Jorge L and McVicar, Tim R and Chiew, Francis HS and Vaze, Jai and Liu, Changming and Lu, Xingjie and Zheng, Hongxing and Wang, Yingping and Liu, Yi Y and others},
  journal={Scientific reports},
  volume={6},
  pages={19124},
  year={2016},
  publisher={Nature Publishing Group}
}

@article{douville2013anthropogenic,
  title={Anthropogenic influence on multidecadal changes in reconstructed global evapotranspiration},
  author={Douville, Herv{\'e} and Ribes, A and Decharme, B and Alkama, Ramdane and Sheffield, J},
  journal={Nature Climate Change},
  volume={3},
  number={1},
  pages={59},
  year={2013},
  publisher={Nature Publishing Group}
}

@article{miralles2016wacmos,
  title={The WACMOS-ET project-Part 2: Evaluation of global terrestrial evaporation data sets},
  author={Miralles, D Gonzalez and Jim{\'e}nez, C and Jung, Martin and Michel, Dominik and Ershadi, Ali and McCabe, MF and Hirschi, Martin and Martens, Brecht and Dolman, A Johannes and Fisher, Joshua B and others},
  journal={Hydrology and Earth System Sciences},
  volume={20},
  number={2},
  pages={823--842},
  year={2016},
  publisher={European Geosciences Union}
}

@article{wang2011trends,
  title={Trends of calculated and simulated actual evaporation in the Yangtze River basin},
  author={Wang, Yanjun and Liu, Bo and Su, Buda and Zhai, Jianqing and Gemmer, Marco},
  journal={Journal of Climate},
  volume={24},
  number={16},
  pages={4494--4507},
  year={2011}
}

@article{cong2009does,
  title={Does evaporation paradox exist in China?},
  author={Cong, ZT and Yang, DW and Ni, GH},
  journal={Hydrology and Earth System Sciences},
  volume={13},
  number={3},
  pages={357--366},
  year={2009},
  publisher={Copernicus GmbH}
}

@article{hobbins2004trends,
  title={Trends in pan evaporation and actual evapotranspiration across the conterminous US: Paradoxical or complementary?},
  author={Hobbins, Michael T and Ram{\'\i}rez, Jorge A and Brown, Thomas C},
  journal={Geophysical Research Letters},
  volume={31},
  number={13},
  year={2004},
  publisher={Wiley Online Library}
}

@article{Tian2017,
author = {Tian, Baijun and Lee, Huikyo and Waliser, Duane E. and Ferraro, Robert and Kim, Jinwon and Case, Jonathan and Iguchi, Takamichi and Kemp, Eric and Wu, Di and Putman, William and Wang, Weile},
title = {Development of a Model Performance Metric and Its Application to Assess Summer Precipitation over the U.S. Great Plains in Downscaled Climate Simulations},
journal = {Journal of Hydrometeorology},
volume = {18},
number = {10},
pages = {2781-2799},
year = {2017},
doi = {10.1175/JHM-D-17-0045.1},
URL = {https://doi.org/10.1175/JHM-D-17-0045.1},
eprint = {https://doi.org/10.1175/JHM-D-17-0045.1}
}


@article{tucker2005extended,
  title={An extucker2005extendedtended AVHRR 8-km NDVI dataset compatible with MODIS and SPOT vegetation NDVI data},
  author={Tucker, Compton J and Pinzon, Jorge E and Brown, Molly E and Slayback, Daniel A and Pak, Edwin W and Mahoney, Robert and Vermote, Eric F and El Saleous, Nazmi},
  journal={International Journal of Remote Sensing},
  volume={26},
  number={20},
  pages={4485--4498},
  year={2005},
  publisher={Taylor \& Francis}
}

@article{pinker1992modeling,
  title={Modeling surface solar irradiance for satellite applications on a global scale},
  author={Pinker, RT and Laszlo, I},
  journal={Journal of Applied Meteorology},
  volume={31},
  number={2},
  pages={194--211},
  year={1992}
}

@article{kistler2001ncep,
  title={The NCEP--NCAR 50-year reanalysis: monthly means CD-ROM and documentation},
  author={Kistler, Robert and Kalnay, Eugenia and Collins, William and Saha, Suranjana and White, Glenn and Woollen, John and Chelliah, Muthuvel and Ebisuzaki, Wesley and Kanamitsu, Masao and Kousky, Vernon and others},
  journal={Bulletin of the American Meteorological society},
  volume={82},
  number={2},
  pages={247--268},
  year={2001},
  publisher={American Meteorological Society}
}

@article{kalnay1996ncep,
  title={The NCEP/NCAR 40-year reanalysis project},
  author={Kalnay, Eugenia and Kanamitsu, Masao and Kistler, Robert and Collins, William and Deaven, Dennis and Gandin, Lev and Iredell, Mark and Saha, Suranjana and White, Glenn and Woollen, John and others},
  journal={Bulletin of the American meteorological Society},
  volume={77},
  number={3},
  pages={437--472},
  year={1996},
  publisher={American Meteorological Society}
}

@article{zhang2010continuous,
  title={A continuous satellite-derived global record of land surface evapotranspiration from 1983 to 2006},
  author={Zhang, Ke and Kimball, John S and Nemani, Ramakrishna R and Running, Steven W},
  journal={Water Resources Research},
  volume={46},
  number={9},
  year={2010},
  publisher={Wiley Online Library}
}

@article{wang2016global,
  title={Global root zone storage capacity from satellite-based evaporation},
  author={Wang-Erlandsson, Lan and Bastiaanssen, Wim GM and Gao, Hongkai and Jagermeyr, Jonas and Senay, Gabriel B and Van Dijk, Albert and Guerschman, Juan Pablo and Keys, Patrick W and Gordon, Line J and Savenije, Hubert HG and others},
  year={2016},
  publisher={Copernicus GmbH}
}

@article{willmott1985climatology,
  title={Climatology of the terrestrial seasonal water cycle},
  author={Willmott, Cort J and Rowe, Clinton M and Mintz, Yale},
  journal={Journal of Climatology},
  volume={5},
  number={6},
  pages={589--606},
  year={1985},
  publisher={Wiley Online Library}
}

@article{kobayashi2015jra,
  title={The JRA-55 reanalysis: General specifications and basic characteristics},
  author={Kobayashi, Shinya and Ota, Yukinari and Harada, Yayoi and Ebita, Ayataka and Moriya, Masami and Onoda, Hirokatsu and Onogi, Kazutoshi and Kamahori, Hirotaka and Kobayashi, Chiaki and Endo, Hirokazu and others},
  journal={Journal of the Meteorological Society of Japan. Ser. II},
  volume={93},
  number={1},
  pages={5--48},
  year={2015},
  publisher={Meteorological Society of Japan}
}

@article{harris2014updated,
  title={Updated high-resolution grids of monthly climatic observations--the CRU TS3. 10 Dataset},
  author={Harris, IPDJ and Jones, Philip D and Osborn, Timothy J and Lister, David H},
  journal={International journal of climatology},
  volume={34},
  number={3},
  pages={623--642},
  year={2014},
  publisher={Wiley Online Library}
}

@article{fick2017worldclim,
  title={WorldClim 2: new 1-km spatial resolution climate surfaces for global land areas},
  author={Fick, Stephen E and Hijmans, Robert J},
  journal={International journal of climatology},
  volume={37},
  number={12},
  pages={4302--4315},
  year={2017},
  publisher={Wiley Online Library}
}

@inproceedings{monteith1965evaporation,
  title={Evaporation and environment},
  author={Monteith, John L},
  booktitle={Symposia of the society for experimental biology},
  volume={19},
  pages={205--234},
  year={1965},
  organization={Cambridge University Press (CUP) Cambridge}
}

@article{mu2007development,
  title={Development of a global evapotranspiration algorithm based on MODIS and global meteorology data},
  author={Mu, Qiaozhen and Heinsch, Faith Ann and Zhao, Maosheng and Running, Steven W},
  journal={Remote sensing of Environment},
  volume={111},
  number={4},
  pages={519--536},
  year={2007},
  publisher={Elsevier}
}

@article{alemohammad2017water,
  title={Water, Energy, and Carbon with Artificial Neural Networks (WECANN): A statistically-based estimate of global surface turbulent fluxes and gross primary productivity using solar-induced fluorescence},
  author={Alemohammad, Seyed Hamed and Fang, Bin and Konings, Alexandra G and Aires, Filipe and Green, Julia K and Kolassa, Jana and Miralles, Diego and Prigent, Catherine and Gentine, Pierre},
  journal={Biogeosciences (Online)},
  volume={14},
  number={18},
  pages={4101},
  year={2017},
  publisher={NIH Public Access}
}

@article{priestley1972assessment,
  title={On the assessment of surface heat flux and evaporation using large-scale parameters},
  author={Priestley, Charles Henry Brian and Taylor, RJ},
  journal={Monthly weather review},
  volume={100},
  number={2},
  pages={81--92},
  year={1972}
}

@article{zhang2015vegetation,
  title={Vegetation greening and climate change promote multidecadal rises of global land evapotranspiration},
  author={Zhang, Ke and Kimball, John S and Nemani, Ramakrishna R and Running, Steven W and Hong, Yang and Gourley, Jonathan J and Yu, Zhongbo},
  journal={Scientific reports},
  volume={5},
  pages={15956},
  year={2015},
  publisher={Nature Publishing Group}
}

@article{abatzoglou2018terraclimate,
  title={TerraClimate, a high-resolution global dataset of monthly climate and climatic water balance from 1958--2015},
  author={Abatzoglou, John T and Dobrowski, Solomon Z and Parks, Sean A and Hegewisch, Katherine C},
  journal={Scientific data},
  volume={5},
  pages={170191},
  year={2018},
  publisher={Nature Publishing Group}
}

@article{bastiaanssen2014earth,
  title={Earth observation based assessment of the water production and water consumption of Nile Basin agro-ecosystems},
  author={Bastiaanssen, Wim and Karimi, Poolad and Rebelo, Lisa-Maria and Duan, Zheng and Senay, Gabriel and Muthuwatte, Lal and Smakhtin, Vladimir},
  journal={Remote Sensing},
  volume={6},
  number={11},
  pages={10306--10334},
  year={2014},
  publisher={Multidisciplinary Digital Publishing Institute}
}

@article{allen2007satellite,
  title={Satellite-based energy balance for mapping evapotranspiration with internalized calibration (METRIC)—Applications},
  author={Allen, Richard G and Tasumi, Masahiro and Morse, Anthony and Trezza, Ricardo and Wright, James L and Bastiaanssen, Wim and Kramber, William and Lorite, Ignacio and Robison, Clarence W},
  journal={Journal of irrigation and drainage engineering},
  volume={133},
  number={4},
  pages={395--406},
  year={2007},
  publisher={American Society of Civil Engineers}
}

@techreport{savoca2013actual,
  title={Actual evapotranspiration modeling using the operational Simplified Surface Energy Balance (SSEBop) approach},
  author={Savoca, Mark E and Senay, Gabriel B and Maupin, Molly A and Kenny, Joan F and Perry, Charles A},
  year={2013},
  institution={US Geological Survey}
}

@article{senay2011enhancing,
  title={Enhancing the Simplified Surface Energy Balance (SSEB) approach for estimating landscape ET: Validation with the METRIC model},
  author={Senay, Gabriel B and Budde, Michael E and Verdin, James P},
  journal={Agricultural Water Management},
  volume={98},
  number={4},
  pages={606--618},
  year={2011},
  publisher={Elsevier}
}

@article{senay2007coupled,
  title={A coupled remote sensing and simplified surface energy balance approach to estimate actual evapotranspiration from irrigated fields},
  author={Senay, Gabriel and Budde, Michael and Verdin, James and Melesse, Assefa},
  journal={Sensors},
  volume={7},
  number={6},
  pages={979--1000},
  year={2007},
  publisher={Molecular Diversity Preservation International}
}

@article{mu2013modis,
  title={Modis Global Terrestrial Evapotranspiration (et) Product (Nasa Mod16a2/a3)},
  author={Mu, Qiaozhen and Zhao, Maosheng and Running, Steven W},
  year={2013}
}

@article{jin2010land,
  title={Land surface skin temperature climatology: Benefitting from the strengths of satellite observations},
  author={Jin, Menglin and Dickinson, Robert E},
  journal={Environmental Research Letters},
  volume={5},
  number={4},
  pages={044004},
  year={2010},
  publisher={IOP Publishing}
}

@article{funk2015climate,
  title={The climate hazards infrared precipitation with stations—a new environmental record for monitoring extremes},
  author={Funk, Chris and Peterson, Pete and Landsfeld, Martin and Pedreros, Diego and Verdin, James and Shukla, Shraddhanand and Husak, Gregory and Rowland, James and Harrison, Laura and Hoell, Andrew and others},
  journal={Scientific data},
  volume={2},
  pages={150066},
  year={2015},
  publisher={Nature Publishing Group}
}

@article{iguchi2000rain,
  title={Rain-profiling algorithm for the TRMM precipitation radar},
  author={Iguchi, Toshio and Kozu, Toshiaki and Meneghini, Robert and Awaka, Jun and Okamoto, Ken’ichi},
  journal={Journal of Applied Meteorology},
  volume={39},
  number={12},
  pages={2038--2052},
  year={2000}
}


@article{Berghuijs2014,
  title={A precipitation shift from snow towards rain leads to a decrease in streamflow},
  author={Berghuijs, WR and Woods, RA and Hrachowitz, M},
  journal={Nature Climate Change},
  volume={4},
  number={7},
  pages={583},
  year={2014},
  publisher={Nature Publishing Group}
}

@article{Gentine2012,
  title={Interdependence of climate, soil, and vegetation as constrained by the Budyko curve},
  author={Gentine, Pierre and D'Odorico, Paolo and Lintner, Benjamin R and Sivandran, Gajan and Salvucci, Guido},
  journal={Geophysical Research Letters},
  volume={39},
  number={19},
  year={2012},
  publisher={Wiley Online Library}
}

@article{Wang2014,
  title={A one-parameter Budyko model for water balance captures emergent behavior in Darwinian hydrologic models},
  author={Wang, Dingbao and Tang, Yin},
  journal={Geophysical Research Letters},
  volume={41},
  number={13},
  pages={4569--4577},
  year={2014},
  publisher={Wiley Online Library}
}

@article{Zhang2004,
  title={A rational function approach for estimating mean annual evapotranspiration},
  author={Zhang, Lu and Hickel, K and Dawes, WR and Chiew, Francis HS and Western, AW and Briggs, PR},
  journal={Water resources research},
  volume={40},
  number={2},
  year={2004},
  publisher={Wiley Online Library}
}

@article{Martens2017,
  title={GLEAM v3: Satellite-based land evaporation and root-zone soil moisture},
  author={Martens, Brecht and Gonzalez Miralles, Diego and Lievens, Hans and Van Der Schalie, Robin and De Jeu, Richard AM and Fern{\'a}ndez-Prieto, Diego and Beck, Hylke E and Dorigo, Wouter and Verhoest, Niko},
  journal={Geoscientific Model Development},
  volume={10},
  number={5},
  pages={1903--1925},
  year={2017}
}

@phdthesis{Krogh2011,
  title={Large Scale Hydrological Model Calibration with remote sensing data from GRACE},
  author={Krogh, PE},
  year={2011},
  school={PhD dissertation, Technical University of Denmark, Ph. D. thesis}
}

@article{Koster1999,
author = {Koster, Randal D. and Suarez, Max J.},
doi = {10.1175/1520-0442(1999)012<1911:ASFFET>2.0.CO;2},
issn = {08948755},
journal = {Journal of Climate},
title = {{A simple framework for examining the interannual variability of land surface moisture fluxes}},
year = {1999}
}

@article{Fu1981,
  title={On the Calculation of the Evaporation from Land Surface [J]},
  author={Fu, Baw-Puh},
  journal={Chinese Journal of Atmospheric Sciences},
  volume={1},
  year={1981}
 }

@article{Zhang2008,
author = {Zhang, Lu and Potter, Nick and Hickel, Klaus and Zhang, Yongqiang and Shao, Quanxi},
doi = {10.1016/j.jhydrol.2008.07.021},
issn = {00221694},
journal = {Journal of Hydrology},
keywords = {Budyko framework,Evapotranspiration,Ungauged catchments,Water balance},
title = {{Water balance modeling over variable time scales based on the Budyko framework - Model development and testing}},
year = {2008}
}


@article{Pike1964,
abstract = {A modified form of Turc's evapo-transpiration formula is proposed and used to predict annual run-off from large catchments in Malawi. Arising out of this investigation the validity of Penman's conversion factor f as a seasonal factor for large catchments in a tropical climate with a seasonally unbalanced water regime is confirmed. {\textcopyright} 1964.},
author = {Pike, J. G.},
doi = {10.1016/0022-1694(64)90022-8},
issn = {00221694},
journal = {Journal of Hydrology},
title = {{The estimation of annual run-off from meteorological data in a tropical climate}},
year = {1964}
}

@article{Budyko1961,
abstract = {The article discusses the present state of knowledge of the basic components of the heat balance of the earth's surface (radiation balance, loss of heat to evaporation, turbulent heat exchange) and the distribution of these components in time and space. Soviet research is concerned with applying heat-balance data to the study of physical-geographical processes (hydrologic regime, plant and soil cover), to the study of integrated geographic problems (geographic zonality) and practical problems (weather and hydrologic forecasting, the use of solar energy for productive purposes, and the use of heat-balance data for planning reclamation projects and other nature-transforming measures.)},
author = {Budyko, M. I.},
doi = {10.1080/00385417.1961.10770761},
issn = {0038-5417},
journal = {Soviet Geography},
title = {{The Heat Balance of the Earth's Surface}},
year = {1961}
}

@article{Brooks2005,
author = {Brooks, Nick and Adger, W. Neil and Kelly, P. Mick},
doi = {10.1016/j.gloenvcha.2004.12.006},
issn = {09593780},
journal = {Global Environmental Change},
keywords = {Adaptive capacity,Delphi survey,Governance,Health,Indicators,Literacy,Mortality,National-level,Risk,Vulnerability},
title = {{The determinants of vulnerability and adaptive capacity at the national level and the implications for adaptation}},
year = {2005}
}

@article{Palutikof2004,
author = {Palutikof, J. P. and Agnew, M. D. and Hoar, M. R.},
doi = {10.3354/cr026043},
issn = {0936577X},
journal = {Climate Research},
keywords = {Adaptation,Climate extremes,Impacts,Perception survey},
title = {{Public perceptions of unusually warm weather in the UK: Impacts, responses and adaptations}},
year = {2004}
}

@misc{Dessai2004,
author = {Dessai, Suraje and Hulme, Mike},
booktitle = {Climate Policy},
doi = {10.1080/14693062.2004.9685515},
issn = {17527457},
keywords = {Adaptation,Climate change,Climate policy,Prediction,Probabilities,Scenarios,Uncertainty},
title = {{Does climate adaptation policy need probabilities?}},
year = {2004}
}


@article{Wilby2010,
abstract = {Remote-sensing measurements of a hole-punch cloud or fall-streak hole are presented. The cloud was observed with a vertically pointing infrared ceilometer, Doppler lidar, sky camera and a polarimetric radar inclined at 45 degrees. The Doppler lidar and polarimetric radar observations show that the aircraft-induced fall streak was composed primarily of oriented thick plate crystals, and the vertical Doppler velocities suggest that vertical mixing may have been triggered by the large flux of ice into the dry air at the base of the virga.},
author = {Wilby, Robert L. and Dessai, Suraje},
doi = {10.1002/wea.543},
journal = {Weather},
title = {{Robust adaptation to climate change}},
year = {2010}
}

@article{Huntington2006,
author = {Huntington, Thomas G.},
doi = {10.1016/j.jhydrol.2005.07.003},
issn = {00221694},
journal = {Journal of Hydrology},
keywords = {Climate change,Evaporation,Global change,Global water cycle,Hydrologic cycle,Hydrologic time series,Precipitation},
title = {{Evidence for intensification of the global water cycle: Review and synthesis}},
year = {2006}
}


@article{Davies2011,
author = {Davies, Evan G.R. and Simonovic, Slobodan P.},
doi = {10.1016/j.advwatres.2011.02.010},
issn = {03091708},
journal = {Advances in Water Resources},
keywords = {Climate change,Global change,Integrated assessment,Sustainability,System dynamics,Water resources},
title = {{Global water resources modeling with an integrated model of the social-economic-environmental system}},
year = {2011}
}

@article{Arnell2011,
author = {Arnell, Nigel W. and van Vuuren, Detlef P. and Isaac, Morna},
doi = {10.1016/j.gloenvcha.2011.01.015},
issn = {09593780},
journal = {Global Environmental Change},
keywords = {ADAM,Climate impacts,Climate policy,Mitigation,Water resources},
title = {{The implications of climate policy for the impacts of climate change on global water resources}},
year = {2011}
}


@misc{Tsanis2011,
author = {Tsanis, Ioannis K. and Koutroulis, Aristeidis G. and Daliakopoulos, Ioannis N. and Jacob, Daniela},
booktitle = {Climatic Change},
doi = {10.1007/s10584-011-0048-2},
issn = {01650009},
title = {{Severe climate-induced water shortage and extremes in Crete}},
year = {2011}
}

@book{Solomon2007,
  title={Climate change 2007-the physical science basis: Working group I contribution to the fourth assessment report of the IPCC},
  author={Solomon, Susan},
  volume={4},
  year={2007},
  publisher={Cambridge university press}
}

@techreport{IPCC2007,
abstract = {Suggested Citation: IPCC,2007: Climate Change 2007: Impacts, Adaptation and Vulnerability. Contribution of Working Group II to the Fourth Assessment Report of the Intergovernmental Panel on Climate Change, M.L. Parry, O.F. Canziani, J.P. Palutikof, P.J. van der Linden and C.E. Hanson, Eds., Cambridge University Press, Cambridge, UK, 976pp.},
author = {IPCC},
booktitle = {Cambridge University Press, Cambridge, UK.},
doi = {10.2134/jeq2008.0015br},
isbn = {9780521880107},
issn = {15372537},
pmid = {18158325},
institution = {World Resources Institute},
title = {{Contribution of Working Group II to the Fourth Assessment Report of the Intergovernmental Panel on Climate Change, 2007. Climate Change 2007: Working Group II: Impacts, Adaptation and Vulnerability.}},
year = {2007}
}

@BOOK{NRC2006,
  author    = "NRC",
  title     = "Surface Temperature Reconstructions for the Last 2,000 Years",
  isbn      = "978-0-309-10225-4",
  doi       = "10.17226/11676",
  url       = "https://www.nap.edu/catalog/11676/surface-temperature-reconstructions-for-the-last-2000-years",
  year      = 2006,
  publisher = "The National Academies Press",
  address   = "Washington, DC"
}


@article{Singh2014,
author = {Singh, R. and Wagener, T. and Crane, R. and Mann, M. E. and Ning, L.},
doi = {10.1002/2013WR014988},
isbn = {1944-7973},
issn = {19447973},
journal = {Water Resources Research},
keywords = {climate change,decision-making,land use change,stakeholder,thresholds,uncertainty},
title = {{A vulnerability driven approach to identify adverse climate and land use change combinations for critical hydrologic indicator thresholds: Application to a watershed in Pennsylvania, USA}},
year = {2014}
}

@article{Singh2015,
author = {Singh, Riddhi and Kumar, Rohini},
doi = {10.1002/2015GL066363},
isbn = {1944-8007},
issn = {19448007},
journal = {Geophysical Research Letters},
keywords = {Budyko,India,bottom-up,critical climate thresholds,vulnerability of water resources,water availability},
mendeley-groups = {Masther{\_}Thesis},
number = {22},
pages = {9799--9807},
title = {{Vulnerability of water availability in India due to climate change: A bottom-up probabilistic Budyko analysis}},
volume = {42},
year = {2015}
}

@misc{Poff2016,
author = {Poff, N. Leroy and Brown, Casey M. and Grantham, Theodore E. and Matthews, John H. and Palmer, Margaret A. and Spence, Caitlin M. and Wilby, Robert L. and Haasnoot, Marjolijn and Mendoza, Guillermo F. and Dominique, Kathleen C. and Baeza, Andres},
booktitle = {Nature Climate Change},
doi = {10.1038/nclimate2765},
isbn = {1758-678X$\backslash$r1758-6798},
issn = {17586798},
title = {{Sustainable water management under future uncertainty with eco-engineering decision scaling}},
year = {2016}
}


@article{Greve2015,
author = {Greve, P. and Gudmundsson, L. and Orlowsky, B. and Seneviratne, S. I.},
doi = {10.1002/2015GL063449},
isbn = {1944-8007},
issn = {19448007},
journal = {Geophysical Research Letters},
keywords = {Budyko framework,probability distribution,water availability},
number = {7},
pages = {2261--2269},
title = {{Introducing a probabilistic Budyko framework}},
volume = {42},
year = {2015}
}

@article{Buytaert2010,
author = {Buytaert, W. and Vuille, M. and Dewulf, A. and Urrutia, R. and Karmalkar, A. and C{\'{e}}lleri, R.},
doi = {10.5194/hess-14-1247-2010},
isbn = {1027-5606},
issn = {10275606},
journal = {Hydrology and Earth System Sciences},
pmid = {26765343},
title = {{Uncertainties in climate change projections and regional downscaling in the tropical Andes: Implications for water resources management}},
year = {2010}
}


@article{Vuille2008,
author = {Vuille, Mathias and Francou, Bernard and Wagnon, Patrick and Juen, Irmgard and Kaser, Georg and Mark, Bryan G. and Bradley, Raymond S.},
doi = {10.1016/j.earscirev.2008.04.002},
file = {:home/adrian/.local/share/data/Mendeley Ltd./Mendeley Desktop/Downloaded/Vuille et al. - 2008 - Climate change and tropical Andean glaciers Past, present and future.pdf:pdf},
issn = {00128252},
journal = {Earth-Science Reviews},
month = {aug},
number = {3-4},
pages = {79--96},
title = {{Climate change and tropical Andean glaciers: Past, present and future}},
url = {http://linkinghub.elsevier.com/retrieve/pii/S0012825208000408},
volume = {89},
year = {2008}
}

@article{LavadoCasimiro2011,
author = {{Lavado Casimiro}, Waldo Sven and Labat, David and Guyot, Jean Loup and Ardoin-Bardin, Sandra},
doi = {10.1002/hyp.8097},
isbn = {9780511564499},
issn = {08856087},
journal = {Hydrological Processes},
keywords = {Amazon basin,Climate change,Hydrological models,Monthly water balance,Peru},
mendeley-groups = {Masther{\_}Thesis},
number = {24},
pages = {3721--3734},
title = {{Assessment of climate change impacts on the hydrology of the Peruvian Amazon-Andes basin}},
volume = {25},
year = {2011}
}

@article{Pilares2018,
author = {Pilares, I and Montalvo, N and Mej{\'{i}}a, A and Guevara-P{\'{e}}rez, E and Fano, G and Alfaro, R},
doi = {http://servicio.bc.uc.edu.ve/ingenieria/revista/v25n2/art17.pdf},
journal = {Ingenieria UC},
keywords = {- el objetivo de,climate change,de establecer un modelo,del altiplano peruano bajo,del rio cabanillas,escenarios clim{\'{a}}ticos regionalizados,evaluaci{\'{o}}n de la disponibilidad,h{\'{i}}drica de la unidad,h{\'{i}}drica en la cuenca,la investigaci{\'{o}}n es el,para evaluar la disponibilidad,resumen,water availability,water demand,weap},
mendeley-groups = {Masther{\_}Thesis},
number = {2},
pages = {307--319},
title = {{Evaluation of water availability in the Cabanillas river basin of the Peruvian Altiplano under regionalized climatic scenario}},
volume = {25},
year = {2018}
}

@article{Olsson2017,
author = {Olsson, Taru and K{\"{a}}m{\"{a}}r{\"{a}}inen, Matti and Santos, Darwin and Seitola, Teija and Tuomenvirta, Heikki and Haavisto, Riina and Lavado-Casimiro, Waldo},
doi = {10.1016/j.ejrh.2017.05.011},
issn = {22145818},
journal = {Journal of Hydrology: Regional Studies},
keywords = {Bias correction general circulation model,Climate change,Hydrological modeling,Peru,Quantile mapping},
mendeley-groups = {Masther{\_}Thesis},
number = {September 2016},
pages = {26--42},
title = {{Downscaling climate projections for the Peruvian coastal Chancay-Huaral Basin to support river discharge modeling with WEAP}},
volume = {13},
year = {2017}
}

@article{VanSoesbergen2016,
author = {van Soesbergen, Arnout and Mulligan, Mark},
doi = {10.1080/07900627.2016.1259101},
isbn = {0790-0627 1360-0648},
issn = {13600648},
journal = {International Journal of Water Resources Development},
keywords = {Peru,Water resources,WaterWorld,climate change,tropical glaciers,uncertainty},
mendeley-groups = {Masther{\_}Thesis},
number = {2},
pages = {150--165},
title = {{Potential outcomes of multi-variable climate change on water resources in the Santa Basin, Peru}},
volume = {34},
year = {2016}
}

@article{Andres2014,
author = {Andres, Norina and {Vegas Galdos}, Fernando and {Lavado Casimiro}, Waldo Sven and Zappa, Massimiliano},
doi = {10.1080/02626667.2013.862336},
issn = {21503435},
journal = {Hydrological Sciences Journal},
keywords = {ERA-Interim,Peru,TRMM, TMPA,Taylor diagram,climate change anomalies,hydrological modelling,quantile mapping},
mendeley-groups = {Masther{\_}Thesis},
number = {11},
pages = {2043--2059},
title = {{Mod{\'{e}}lisation de ressources en eau et impact du changement climatique sur une {\'{e}}chelle de temps journalier dans les Andes p{\'{e}}ruviennes}},
volume = {59},
year = {2014}
}


@article{Juen2007,
author = {Juen, Irmgard and Kaser, Georg and Georges, Christian},
doi = {10.1016/j.gloplacha.2006.11.038},
isbn = {0921-8181},
issn = {09218181},
journal = {Global and Planetary Change},
keywords = {glacier melt,runoff model,runoff prediction,tropical hydrology},
title = {{Modelling observed and future runoff from a glacierized tropical catchment (Cordillera Blanca, Per{\'{u}})}},
year = {2007}
}


@article{Pouyaud2005,
author = {Pouyaud, Bernard and Zapata, Marco and Yerren, Jorge and Gomez, Jesus and Rosas, Gabriela and Suarez, Wilson and Ribstein, Pierre},
doi = {10.1623/hysj.2005.50.6.999},
isbn = {02626667 (ISSN)},
issn = {0262-6667},
journal = {Hydrological Sciences Journal},
title = {{Avenir des ressources en eau glaciaire de la Cordill{\`{e}}re Blanche / On the future of the water resources from glacier melting in the Cordillera Blanca, Peru}},
year = {2005}
}

@misc{Barnett2005,
archivePrefix = {arXiv},
arxivId = {arXiv:1011.1669v3},
author = {Barnett, T. P. and Adam, J. C. and Lettenmaier, D. P.},
booktitle = {Nature},
doi = {10.1038/nature04141},
eprint = {arXiv:1011.1669v3},
isbn = {0028-0836},
issn = {14764687},
pmid = {16292301},
title = {{Potential impacts of a warming climate on water availability in snow-dominated regions}},
year = {2005}
}

@article{Viviroli2011,
author = {Viviroli, D. and Archer, D. R. and Buytaert, W. and Fowler, H. J. and Greenwood, G. B. and Hamlet, a. F. and Huang, Y. and Koboltschnig, G. and Litaor, M. I. and L{\'{o}}pez-Moreno, J. I. and Lorentz, S. and Sch{\"{a}}dler, B. and Schreier, H. and Schwaiger, K. and Vuille, M. and Woods, R.},
doi = {10.5194/hess-15-471-2011},
issn = {1607-7938},
journal = {Hydrology and Earth System Sciences},
month = {feb},
number = {2},
pages = {471--504},
title = {{Climate change and mountain water resources: overview and recommendations for research, management and policy}},
url = {http://www.hydrol-earth-syst-sci.net/15/471/2011/},
volume = {15},
year = {2011}
}

@article{Coudrain2005,
author = {Coudrain, Anne and Francou, Bernard and Kundzewicz, Zbigniew W.},
doi = {10.1623/hysj.2005.50.6.925},
isbn = {0262666702626667},
issn = {02626667},
journal = {Hydrological Sciences Journal},
title = {{Glacier shrinkage in the Andes and consequences for water resources - Editorial}},
year = {2005}
}

@article{MacAlister2018,
author = {MacAlister, Charlotte and Subramanyam, Nidhi},
doi = {10.1080/02508060.2018.1444307},
issn = {02508060},
journal = {Water International},
mendeley-groups = {Masther{\_}Thesis},
number = {2},
pages = {133--144},
title = {{Climate change and adaptive water management: innovative solutions from the global South}},
url = {https://www.tandfonline.com/doi/full/10.1080/02508060.2018.1444307},
volume = {43},
year = {2018}
}

@book{Satterthwaite2012,
author = {Satterthwaite, David},
booktitle = {Urban poverty in the global south: Scale and nature},
doi = {10.4324/9780203104316},
isbn = {9780203104316},
issn = {0022-0388},
pmid = {19508136},
publisher = {Routledge},
title = {{Urban poverty in the global south: Scale and nature}},
year = {2012}
}

@book{Field2014,
author = {Field, Christopher B. and Barros, Vicente R. and Dokken, David Jon and Mach, Katharine J. and Mastrandrea, Michael D. and Bilir, T. Eren and Chatterjee, Monalisa and Ebi, Kristie L. and Estrada, Yuka Otsuki and Genova, Robert C. and Girma, Betelhem and Kissel, Eric S. and Levy, Andrew N. and MacCracken, Sandy and Mastrandrea, Patricia R. and White, Leslie L.},
booktitle = {Climate Change 2014 Impacts, Adaptation and Vulnerability: Part A: Global and Sectoral Aspects},
doi = {10.1017/CBO9781107415379},
publisher = {Cambridge University Press},
isbn = {9781107415379},
title = {{Climate change 2014 impacts, adaptation and vulnerability: Part A: Global and sectoral aspects: Working group II contribution to the fifth assessment report of the intergovernmental panel on climate change}},
year = {2014}
}


@techreport{Huerta2019,
     title = {PISCOt: A daily and monthly gridded air temperature dataset for Peru},
     author = {Huerta, A and Aybar, C and Lavado, W},
     year = {2019},
     institution = {SENAMHI}
}

@article{Aybar2019,
  title={Construction of a high-resolution gridded rainfall dataset for Peru from 1981 to the present day},
  author={Aybar, C and Fernandez, C and Huerta, A and Lavado, W and Vega, F and Felipe-Obando, O},
  journal={Submitted to Hydrological Sciences Journal},
  year={2019},
}

@article{Hargreaves1985,
  title={Reference crop evapotranspiration from temperature},
  author={Hargreaves, George H and Samani, Zohrab A},
  journal={Applied engineering in agriculture},
  volume={1},
  number={2},
  pages={96--99},
  year={1985},
  publisher={American Society of Agricultural and Biological Engineers}
}

@article{Vanderlinden2004,
  title={Assessing reference evapotranspiration by the Hargreaves method in southern Spain},
  author={Vanderlinden, Karl and Giraldez, JV and Van Meirvenne, Marc},
  journal={journal of Irrigation and Drainage Engineering},
  volume={130},
  number={3},
  pages={184--191},
  year={2004},
  publisher={American Society of Civil Engineers}
}

@article{drenkhan2018current,
  title={Current and future glacier and lake assessment in the deglaciating Vilcanota-Urubamba basin, Peruvian Andes},
  author={Drenkhan, Fabian and Guardamino, Luc{\'\i}a and Huggel, Christian and Frey, Holger},
  journal={Global and planetary change},
  volume={169},
  pages={105--118},
  year={2018},
  publisher={Elsevier}
}

@article{VUILLE2018195,
title = "Rapid decline of snow and ice in the tropical Andes – Impacts, uncertainties and challenges ahead",
journal = "Earth-Science Reviews",
volume = "176",
pages = "195 - 213",
year = "2018",
issn = "0012-8252",
doi = "https://doi.org/10.1016/j.earscirev.2017.09.019",
url = "http://www.sciencedirect.com/science/article/pii/S0012825216304512",
author = "Mathias Vuille and Mark Carey and Christian Huggel and Wouter Buytaert and Antoine Rabatel and Dean Jacobsen and Alvaro Soruco and Marcos Villacis and Christian Yarleque and Oliver Elison Timm and Thomas Condom and Nadine Salzmann and Jean-Emmanuel Sicart",
keywords = "Andes, Glaciers, Climate change, Water resources, Adaptation"}

%%%%%%%%%%%%%%%%%%%%%%%%%%%%%%%%%%%%%%%%
%%%%%%%%%%%%%%%%%%%%%%%%%%%%%%%%%%%%%%%%
%%%%%%%%%%%%%%%%%%%%%%%%%%%%%%%%%%%%%%%%

@book{AGUILAR2003,
  title={Guidelines on Climate Metadata and Homogenization},
  author={Aguilar, E. and World Meteorological Organization and World Climate Data and Monitoring Programme},
  series={WCDMP (Series)},
  url={http://books.google.com.pe/books?id=2cZpHQAACAAJ},
  year={2003},
  publisher={Secretariat of the World Meteorological Organization},
}

@article{Kharin2007,
title = {Changes in Temperature and Precipitation Extremes in the IPCC Ensemble of Global Coupled Model Simulations},
journal = {Journal of Climate},
volume = {20},
pages = {1419--1444},
year = {2007},
doi = {doi: 10.1175/JCLI4066.1},
url = {http://www.sciencedirect.com/science/article/pii/S0022169406001302},
author = {V. V. Kharin and  F. W. Zwiers and X. Zhang and G.C. Hegerl},
}

@article{Zhang2010,
    author = {Zhang, Xuebin and Wang, Jiafeng and Zwiers, Francis W. and Groisman, Pavel Y.},
    doi = {10.1175/2010jcli3249.1},
    journal = {Journal of Climate},
    keywords = {america, climate, daily, enso, maximum, nao, north, pdo, precipitation, variability, winter},
    number = {11},
    pages = {2902--2915},
    publisher = {American Meteorological Society},
    title = {The Influence of Large-Scale Climate Variability on Winter Maximum Daily Precipitation over North America},
    url = {http://dx.doi.org/10.1175/2010jcli3249.1},
    volume = {23},
    year = {2010},
}

@article{Hegerl2010,
    author = {Hegerl, Gabriele and Hoegh-Guldberg, Ove and Casassa, Gino and Hoerling, Martin and Kovats, Sari and Parmesan, Camille and Pierce, David and Stott, Peter},
    editor = {Stocker, T. F. and Field, D. and Qin, V. and Barros, G. K. and Plattner, M. and Tignor, M. and Midgley, P. M. and Ebi, K. L. and Haeberli, W.},
    isbn = {9789291691275},
    journal = {IPCC Working Group},
    pages = {1--8},
    title = {Good practice guidance paper on detection and attribution related to anthropogenic climate change.},
    year = {2010}
}


%%%%%%%%%%%% TEORIA %%%%%%%%%%%%%

%%% VARIABILIDAD DE PRECIPITACION

@online{Dinse01,
  author = {Keely Dinse},
  title = {{Climate Variability and Climate Change. WHAT IS THE DIFFERENCE? } Michigan Sea Grant},
  year = 2011,
  url = {http://www.miseagrant.umich.edu/downloads/climate/11-703-Climate-Variability-and-Climate-Change.pdf},
  urldate = {2015-04-24}
}

@article{Kaplan2011,
  author      = {Kaplan, A.},
  journal = {Bulletin of the American Meteorological Society},
  title       = {Patterns and indices of climate variability (in "State of the Climate in 2010")},
  pages = {S161--S163},
  year = {2011},
  volume = {92},
}

@incollection{IPCC2012,
  author      = {IPCC},
  title       = { Summary for Policymakers. In: Managing the Risks of Extreme Events and Disasters to Advance
Climate Change Adaptation},
  editor      = {Field, C.B., V. Barros, T.F. Stocker, D. Qin, D.J. Dokken, K.L. Ebi, M.D. Mastrandrea, K.J. Mach, G.-K. Plattner, S.K. Allen, M. Tignor, and P.M. Midgley},
  booktitle   = {A Special Report of Working Groups I and II of the Intergovernmental Panel on Climate Change},
  publisher   = {Cambridge University Press},
  pages = {3-21},
  year = {2012},
}

@incollection{Zhang2013,
  author      = {Zhang Xuebin, and  Francis W. Zwiers},
  title       = { Chapter 1: Statistical Indices for the Diagnosing and Detecting Changes in Extremes},
  editor      = {Amir AghaKouchak. and David Easterling and Kuolin Hsu and Siegfried Schubert and Soroosh Sorooshian},
  booktitle   = {Extremes in a Changing Climate},
  publisher   = {Springer Netherlands},
  pages = {1--14},
  year = {2013},
}

@ARTICLE{Espinoza2013,
   author = {Espinoza, J. C. and Ronchail, J. and Frappart, F. and Lavado, W. and Santini, W. and Guyot, J. L.},
    title = {The Major Floods in the Amazonas River and Tributaries (Western Amazon Basin) during the 1970-2012 Period: A Focus on the 2012 Flood.},
  journal = {Journal of Hydrometeorology},
     year = {2013},
   volume = {14},
    pages = {1000--1008},
}

@article{Espinoza2012,
  author={Jhan Carlo Espinoza and Josyane Ronchail and Jean Loup Guyot and Clementine Junquas and Guillaume Drapeau and Jean
Michel Martinez and William Santini and Philippe Vauchel and Waldo Lavado and Julio Ordoñez and Raúl Espinoza},
  title={From drought to flooding: understanding the abrupt 2010–11 hydrological annual cycle in the Amazonas River and tributaries},
  journal={Environmental Research Letters},
  volume={7},
  number={2},
  pages={024008},
  url={http://stacks.iop.org/1748-9326/7/i=2/a=024008},
  year={2012},
}
	
@article {Espinoza2011,
author = {Espinoza, Jhan Carlo and Ronchail, Josyane and Guyot, Jean Loup and Junquas, Clementine and Vauchel, Philippe and Lavado, Waldo and Drapeau, Guillaume and Pombosa, Rodrigo},
title = {Climate variability and extreme drought in the upper Solimões River (western Amazon Basin): Understanding the exceptional 2010 drought},
journal = {Geophysical Research Letters},
volume = {38},
number = {13},
issn = {1944-8007},
year = {2011},
}

@article {Bazo2013,
author = {Juan Bazo and María de las Nieves Lorenzo, and Rosmeri Porfirio da Rocha},
title = {Relationship between Monthly Rainfall in NW Peru and Tropical Sea Surface Temperature},
journal = {Advances in Meteorology},
volume = {2013},
pages = {1--9},
year = {2013},
}

@Article{Takahashi2004,
AUTHOR = {Takahashi, K.},
TITLE = {The atmospheric circulation associated with extreme rainfall events in Piura, Peru, during the 1997--1998 and 2002 El NiÃ±o events},
JOURNAL = {Annales Geophysicae},
VOLUME = {22},
YEAR = {2004},
NUMBER = {11},
PAGES = {3917--3926},
URL = {http://www.ann-geophys.net/22/3917/2004/},
DOI = {10.5194/angeo-22-3917-2004},
}

@ARTICLE{Douglas2009,
   author = {Douglas, M. W. and Mejia, J. and Ordinola, N. and Boustead, J.},
    title = {Synoptic Variability of Rainfall and Cloudiness along the Coasts of Northern Peru and Ecuador during the 1997/98 El Niño Event},
  journal = {Monthly Weather Review},
     year = {2009},
   volume = {137},
    pages = {116},
      doi = {10.1175/2008MWR2191.1},
}

@article {Vuille2000,
author = {Vuille, Mathias and Bradley, Raymond S. and Keimig, Frank},
title = {Interannual climate variability in the Central Andes and its relation to tropical Pacific and Atlantic forcing},
journal = {Journal of Geophysical Research: Atmospheres},
volume = {105},
number = {D10},
issn = {2156-2202},
url = {http://dx.doi.org/10.1029/2000JD900134},
doi = {10.1029/2000JD900134},
pages = {12447--12460},
year = {2000},
}

@article{Garreaud2003,
title = {The climate of the Altiplano: observed current conditions and mechanisms of past changes.},
journal = {Palaeogeography, Palaeoclimatology, Palaeoecology},
volume = {194},
number = {1–3},
pages = {5 - 22},
year = {2003},
note = {Late-quaternary palaeoclimates of the southern tropical Andes and adjacent regions},
issn = {0031-0182},
doi = {http://dx.doi.org/10.1016/S0031-0182(03)00269-4},
url = {http://www.sciencedirect.com/science/article/pii/S0031018203002694},
author = {René Garreaud and Mathias Vuille and Amy C. Clement},
}

@Article{Garreaud2009,
AUTHOR = {Garreaud, R. D.},
TITLE = {The Andes climate and weather},
JOURNAL = {Advances in Geosciences},
VOLUME = {22},
YEAR = {2009},
PAGES = {3--11},
URL = {http://www.adv-geosci.net/22/3/2009/},
DOI = {10.5194/adgeo-22-3-2009},
}

@Article{Garreaud2000,
AUTHOR = {Garreaud, R. D.},
TITLE = {Intraseasonal Variability of Moisture and Rainfall over the South American Altiplano},
JOURNAL = {Monthly Weather Review},
VOLUME = {128},
YEAR = {2000},
PAGES = {3337--3346},
DOI = {10.1175/1520-0493(2000)128<3337:IVOMAR>2.0.CO;2},
}


%%% EXTREME INDICES

@book{Klein2009,
author = {Tank Klein, and  Zwiers, Francis W.  and Zhang, Xuebin},
pages = {52},
title = {Guidelines on analysis of extremes in a changing climate in support of informed decisions for adaptation},
year = {2009},
publisher = {World Meteorological Organization},
}

@article {Zhang2011,
author = {Zhang, Xuebin and Alexander, Lisa and Hegerl, Gabriele C. and Jones, Philip and Tank, Albert Klein and Peterson, Thomas C. and Trewin, Blair and Zwiers, Francis W.},
title = {Indices for monitoring changes in extremes based on daily temperature and precipitation data},
journal = {Wiley Interdisciplinary Reviews: Climate Change},
volume = {2},
number = {6},
url = {http://dx.doi.org/10.1002/wcc.147},
doi = {10.1002/wcc.147},
pages = {851--870},
year = {2011},
}

@incollection{Stephenson2008,
  author      = {Stephenson, DB.},
  title       = { Chapter 1: Definition, diagnosis, and origin of extreme weather and climate events},
  editor      = {Murnane R. and Diaz H.},
  booktitle   = {Climate Extremes and Society},
  publisher   = {Cambridge University Press},
  pages = {11--23},
  year = {2008},
}

@article{Skansi2013,
title = {Warming and wetting signals emerging from analysis of changes in climate extreme indices over South America},
journal = {Global and Planetary Change },
volume = {100},
number = {0},
pages = {295 - 307},
year = {2013},
issn = {0921-8181},
doi = {http://dx.doi.org/10.1016/j.gloplacha.2012.11.004},
url = {http://www.sciencedirect.com/science/article/pii/S0921818112002172},
author = {M. M. Skansi and Manola Brunet and Javier Sigró and Enric Aguilar and Juan Andrés Arevalo Groening and Oscar J. Bentancur and Yaruska Rosa Castellón Geier and Ruth Leonor Correa Amaya and Homero Jácome and Andrea Malheiros Ramos and Clara Oria Rojas and Alejandro Max Pasten and Sukarni Sallons Mitro and Claudia Villaroel Jiménez and Rodney Martínez and Lisa V. Alexander and P.D. Jones},
}

@article {Alexander2006,
author = {Alexander, L. V. and Zhang, X. and Peterson, T. C. and Caesar, J. and Gleason, B. and Klein Tank, A. M. G. and Haylock, M. and Collins, D. and Trewin, B. and Rahimzadeh, F. and Tagipour, A. and Rupa Kumar, K. and Revadekar, J. and Griffiths, G. and Vincent, L. and Stephenson, D. B. and Burn, J. and Aguilar, E. and Brunet, M. and Taylor, M. and New, M. and Zhai, P. and Rusticucci, M. and Vazquez-Aguirre, J. L.},
title = {Global observed changes in daily climate extremes of temperature and precipitation},
journal = {Journal of Geophysical Research: Atmospheres},
volume = {111},
number = {D5},
issn = {2156-2202},
url = {http://dx.doi.org/10.1029/2005JD006290},
doi = {10.1029/2005JD006290},
pages = {n/a--n/a},
year = {2006},
note = {D05109},
}

@ARTICLE{Vincent2005,
   author = {Vincent, L.~A. and Peterson, T.~C. and Barros, V.~R. and 
	Marino, M.~B. and usticucci, M. and Carrasco, G. and 
	Ramirez, E. and Alves, L.~M. and Ambrizzi, T. and Berlato, M.~A. and 
	Grimm, A.~M. and Marengo, J.~A. and Molion, L. and Moncunill, D.~F. and 
	Rebello, E. and Anunciacao, Y.~M.~T. and Quintana, J. and 
	Santos, J.~L. and Baez, J. and Coronel, G. and Garcia, J. and 
	Trebejo, I. and Bidegain, M. and Haylock, M.~R. and Karoly, D.,},
    title = {Observed Trends in Indices of Daily Temperature Extremes in South America 1960 2000.},
  journal = {Journal of Climate},
     year = {2005},
    month = {dec},
   volume = {18},
    pages = {5011-5023},
      doi = {10.1175/JCLI3589.1},
   adsurl = {http://adsabs.harvard.edu/abs/2005JCli...18.5011V},
  adsnote = {Provided by the SAO/NASA Astrophysics Data System},
}

@Article{Tramblay2013,
AUTHOR = {Tramblay, Y. and El Adlouni, S. and Servat, E.},
TITLE = {Trends and variability in extreme precipitation indices over Maghreb countries},
JOURNAL = {Natural Hazards and Earth System Science},
VOLUME = {13},
YEAR = {2013},
NUMBER = {12},
PAGES = {3235--3248},
URL = {http://www.nat-hazards-earth-syst-sci.net/13/3235/2013/},
DOI = {10.5194/nhess-13-3235-2013},
}

@Article{Casanueva2014,
AUTHOR = {Casanueva, A. and Rodríguez-Puebla, C. and Frías, M. D. and González-Reviriego, N.},
TITLE = {Variability of extreme precipitation over Europe and its relationships with teleconnection patterns},
JOURNAL = {Hydrology and Earth System Sciences},
VOLUME = {18},
YEAR = {2014},
NUMBER = {2},
PAGES = {709--725},
URL = {http://www.hydrol-earth-syst-sci.net/18/709/2014/},
DOI = {10.5194/hess-18-709-2014},
}

@article{Lavado2010,
author = {Lavado, Waldo and Silvestre, Elizabeth and Pulache, Wilmer},
journal = { Revista Peruana Geo-Atmosférica},
number = {2},
pages = {89--98},
title = {Tendencias en los extremos de lluvias cerca a la ciudad del Cusco y su relación con las inundaciones de enero del 2010},
volume = {02},
url = {http://www.senamhi.gob.pe/rpga/?p2=001-2010},
year = {2010},
}

@article{Haylock2005,
author = {Haylock, M. R. and Peterson, T. C.  and Alves, L. M.  and Ambrizzi, T. and  Anunciação, Y. M. T.  and Baez, J. and Barros, V. R.  and Berlato,  M. A. and Bidegain, M. and Coronel, G. and Corradi, V. and Garcia, V. J.  and Grimm, A. M. and Karoly, D. and Marengo, J. A. and Marino, M. B. and Moncunill, D. F. and Nechet, D. and Quintana, J. and Rebello, E. and Rusticucci, M. and Santos, J. L.  and Trebejo, I.  and Vincent, L. A.},
journal = {Journal of Climate},
pages = {1490--1512},
title = {Trends in Total and Extreme South American Rainfall in 1960 – 2000 and Links with Sea Surface Temperature},
year = {2006},
volume = {19},
}

@article {Wolter1998,
author = {Wolter, Klaus and Timlin, Michael S.},
title = {Measuring the strength of ENSO events: How does 1997/98 rank?},
journal = {Weather},
volume = {53},
number = {9},
publisher = {Blackwell Publishing Ltd},
issn = {1477-8696},
url = {http://dx.doi.org/10.1002/j.1477-8696.1998.tb06408.x},
doi = {10.1002/j.1477-8696.1998.tb06408.x},
pages = {315--324},
year = {1998},
}


@article{Thompson2000,
author = {Thompson, David W.J. and Wallace, Jhon M.},
journal = {Journal of Climate},
number = {1999},
pages = {1000--1016},
title = {Annular modes in the extratropical circulation. Part I: month-to-month variability},
url = {http://journals.ametsoc.org/doi/abs/10.1175/1520-0442(2000)013\%3C1000:AMITEC\%3E2.0.CO;2},
year = {2000},
}

@article{Trenberth1984,
author = {Kevin E. Trenberth},
year = {1984},
journal = {Monthly Weather Review},
title = {Signal Versus Noise in the Southern Oscillation},
pages = {326--332},
volume = {112},
}

@article{Bradley2006,
author = {Bradley, Raymond S. and Vuille, Mathias and Diaz, Henry F. and Vergara, Walter},
journal = {Science (New York, N.Y.)},
pages = {1755--17556},
title = {Climate change. Threats to water supplies in the tropical Andes},
volume = {312},
year = {2006},
}

%%%%%%%%%%%% NO ESTACIONARIEDAD %%%%%%%%%%%%%%%%

@book{Coles2001,
  added-at = {2010-11-26T10:56:55.000+0100},
  address = {London},
  author = {Coles, Stuart},
  biburl = {http://www.bibsonomy.org/bibtex/2eeb18b99ed553d367e303102fd9916e0/marsianus},
  interhash = {4d82deba9ce3cb72aa2ad575fbabd6c7},
  intrahash = {eeb18b99ed553d367e303102fd9916e0},
  isbn = {1-85233-459-2},
  keywords = {basic EVT multivariate},
  mrclass = {62-01 (60G70 62G32)},
  mrnumber = {1932132 (2003h:62002)},
  publisher = {Springer-Verlag},
  series = {Springer Series in Statistics},
  timestamp = {2011-09-07T11:28:00.000+0200},
  title = {An introduction to statistical modeling of extreme values},
  year = {2001},
}

@article{Khaliq2006,
title = {Frequency analysis of a sequence of dependent and/or non-stationary hydro-meteorological observations: A review},
journal = {Journal of Hydrology},
volume = {329},
number = {3–4},
pages = {534 - 552},
year = {2006},
issn = {0022-1694},
doi = {http://dx.doi.org/10.1016/j.jhydrol.2006.03.004},
url = {http://www.sciencedirect.com/science/article/pii/S0022169406001302},
author = {M.N. Khaliq and T.B.M.J. Ouarda and J.-C. Ondo and P. Gachon and B. Bobée},
}

@ARTICLE{Yilmaz2014,
   author = {Yilmaz, A.~G. and Hossain, I. and Perera, B.~J.~C.},
    title = {Effect of climate change and variability on extreme rainfall intensity-frequency-duration relationships: a case study of Melbourne},
  journal = {Hydrology and Earth System Sciences},
     year = 2014,
    month = oct,
   volume = 18,
    pages = {4065-4076},
      doi = {10.5194/hess-18-4065-2014},
   adsurl = {http://adsabs.harvard.edu/abs/2014HESS...18.4065Y},
  adsnote = {Provided by the SAO/NASA Astrophysics Data System},
}

@article{Naveau2005,
title = {Statistical methods for the analysis of climate extremes },
journal = {Comptes Rendus Geoscience },
volume = {337},
number = {10–11},
pages = {1013 - 1022},
year = {2005},
issn = {1631-0713},
url = {http://www.sciencedirect.com/science/article/pii/S1631071305001112},
author = {Philippe Naveau and Marta Nogaj and Caspar Ammann and Pascal Yiou and Daniel Cooley and Vincent Jomelli},
}

@Article{Nogaj2007,
AUTHOR = {Nogaj, M. and Parey, S. and Dacunha-Castelle, D.},
TITLE = {Non-stationary extreme models and a climatic application},
JOURNAL = {Nonlinear Processes  in Geophysics},
VOLUME = {14},
YEAR = {2007},
NUMBER = {3},
PAGES = {305--316},
URL = {http://www.nonlin-processes-geophys.net/14/305/2007/},
DOI = {10.5194/npg-14-305-2007},
}

@article{Beaulieu2012,
	author = {Beaulieu, Claudie and Chen, Jie and Sarmiento, Jorge L.},
	title = {Change-point analysis as a tool to detect abrupt climate variations},
	volume = {370},
	number = {1962},
	pages = {1228--1249},
	year = {2012},
	doi = {10.1098/rsta.2011.0383},
	publisher = {The Royal Society},
	isbn = {1471-2962},
	issn = {1364-503X},
	journal = {Philosophical Transactions of the Royal Society of London A: Mathematical, Physical and Engineering Sciences},
}

@article{Khaliq2009,
title = {Identification of hydrological trends in the presence of serial and cross correlations: A review of selected methods and their application to annual flow regimes of Canadian rivers},
journal = {Journal of Hydrology},
volume = {368},
number = {1–4},
pages = {117 - 130},
year = {2009},
issn = {0022-1694},
doi = {http://dx.doi.org/10.1016/j.jhydrol.2009.01.035},
url = {http://www.sciencedirect.com/science/article/pii/S0022169409000651},
author = {M.N. Khaliq and T.B.M.J. Ouarda and P. Gachon and L. Sushama and A. St-Hilaire},
}

@article{Douglas2000,
title = {Trends in floods and low flows in the United States: impact of spatial correlation},
journal = {Journal of Hydrology},
volume = {240},
number = {1–2},
pages = {90 - 105},
year = {2000},
issn = {0022-1694},
doi = {http://dx.doi.org/10.1016/S0022-1694(00)00336-X},
url = {http://www.sciencedirect.com/science/article/pii/S002216940000336X},
author = {E.M. Douglas and R.M. Vogel and C.N. Kroll},
}

%%%%%%%%%% VARIABILIDAD DE PRECIPITACIÓN %%%%%%%%%%%%%

@article{LAVADO2014,
   title = {Impactos de El Niño y La NiñA en las lluvias del Perú (1965-2007)},
   journal = {Revista Brasileira de Meteorologia},
   author={Lavado, Waldo AND Espinoza, Jhan Carlo},
   ISSN = {0102-7786},
   language = {es},
   volume = {29},
   year = {2014},
   month = {06},
   pages = {171 - 182},
   publisher = {scielo},
   crossref = {10.1590/S0102-77862014000200003},
}
  
@article {TAKAHASHI2011,
author = {Takahashi, K. and Montecinos, A. and Goubanova, K. and Dewitte, B.},
title = {ENSO regimes: Reinterpreting the canonical and Modoki El Niño},
journal = {Geophysical Research Letters},
volume = {38},
number = {10},
issn = {1944-8007},
url = {http://dx.doi.org/10.1029/2011GL047364},
doi = {10.1029/2011GL047364},
pages = {n/a--n/a},
keywords = {ENSO, El Niño, El Niño Modoki, equatorial Pacific},
year = {2011},
}

@Article{LAGOS2008,
AUTHOR = {Lagos, P. and Silva, Y. and Nickl, E. and Mosquera, K.},
TITLE = {El Niño; related precipitation variability in PerÃº},
JOURNAL = {Advances in Geosciences},
VOLUME = {14},
YEAR = {2008},
PAGES = {231--237},
URL = {http://www.adv-geosci.net/14/231/2008/},
DOI = {10.5194/adgeo-14-231-2008},
}


%%%%%%%%%% METODOLOGIA %%%%%%%%%%%%

@inproceedings{Einfalt2006,
   title =        {Can we check raingauge data automatically?},
   year =         {2006},
   series =       {7th. International Workshop on Precipitation in Urban Areas},
   month =        {December},
   address =      {St. Moritz, Switzerland},
   organization = {Institute of Navigation},
   author = {T. Einfalt and M. Jessen and M. Quirmbach},
}

@article {Vicente-Serrano2010,
author = {Vicente-Serrano, Sergio M. and Beguería, Santiago and López-Moreno, Juan I. and García-Vera, Miguel A. and Stepanek, Petr},
title = {A complete daily precipitation database for northeast Spain: reconstruction, quality control, and homogeneity},
journal = {International Journal of Climatology},
volume = {30},
number = {8},
pages = {1146--1163},
year = {2010},
}

@article {BASTIN1984,
author = {Bastin, G. and Lorent, B. and Duqué, C. and Gevers, M.},
title = {Optimal Estimation of the Average Areal Rainfall and Optimal Selection of Rain Gauge Locations},
journal = {Water Resources Research},
volume = {20},
number = {4},
issn = {1944-7973},
url = {http://dx.doi.org/10.1029/WR020i004p00463},
doi = {10.1029/WR020i004p00463},
pages = {463--470},
year = {1984},
}

@incollection{Grimes2008,
year={2008},
isbn={978-3-540-77842-4},
booktitle={Hydrological Modelling and the Water Cycle},
volume={63},
series={Water Science and Technology Library},
editor={Sorooshian, Soroosh and Hsu, Kuo-Lin and Coppola, Erika and Tomassetti, Barbara and Verdecchia, Marco and Visconti, Guido},
doi={10.1007/978-3-540-77843-1_6},
title={Geostatistical Tools for Validation of Satellite and NWP Model Rainfall Estimates},
url={http://dx.doi.org/10.1007/978-3-540-77843-1_6},
publisher={Springer Berlin Heidelberg},
keywords={Rainfall validation; Geostatistical methods; Rainfall variogram; Kriging algorithm},
author={Grimes, DavidI.F.},
pages={117-143},
language={English},
}

@article{Li2014,
title = {Spatial interpolation methods applied in the environmental sciences: A review},
journal = {Environmental Modelling and Software},
volume = {53},
number = {0},
pages = {173-189},
year = {2014},
issn = {1364-8152},
doi = {http://dx.doi.org/10.1016/j.envsoft.2013.12.008},
url = {http://www.sciencedirect.com/science/article/pii/S1364815213003113},
author = {Jin Li and Andrew D. Heap},
}

@article {Enfield1999,
author = {Enfield, David B. and Mestas-Nuñez, Alberto M. and Mayer, Dennis A. and Cid-Serrano, Luis},
title = {How ubiquitous is the dipole relationship in tropical Atlantic sea surface temperatures?},
journal = {Journal of Geophysical Research: Oceans},
volume = {104},
number = {C4},
issn = {2156-2202},
url = {http://dx.doi.org/10.1029/1998JC900109},
doi = {10.1029/1998JC900109},
pages = {7841--7848},
year = {1999},
}

@article{sen1968,
ajournal = {Ann. Math. Statist.},
author = {Sen, Pranab Kumar},
journal = {The Annals of Mathematical Statistics},
number = {6},
pages = {1913--1922},
title = {Robustness of Some Nonparametric Procedures in Linear Models},
url = {http://dx.doi.org/10.1214/aoms/1177698021},
volume = {39},
year = {1968},
}

@article {Yuepilon2002,
author = {Yue, Sheng and Pilon, Paul and Phinney, Bob and Cavadias, George},
title = {The influence of autocorrelation on the ability to detect trend in hydrological series},
journal = {Hydrological Processes},
volume = {16},
number = {9},
url = {http://dx.doi.org/10.1002/hyp.1095},
pages = {1807--1829},
year = {2002},
}

%%%%%%%%%% RESULTADOS %%%%%%%%%%%%%

%%% ZONA DE ESTUDIO


@article{Garreaud2008,
title = {Present-day South American climate},
journal = {Palaeogeography, Palaeoclimatology, Palaeoecology},
volume = {281},
number = {3–4},
pages = {180 - 195},
year = {2008},
issn = {0031-0182},
doi = {http://dx.doi.org/10.1016/j.palaeo.2007.10.032},
author = {René D. Garreaud and Mathias Vuille and Rosa Compagnucci and José Marengo},
}

@article{SANABRIA2009,
author = {J. Sanabria and J. Marengo and Valverde, M},
journal = {RPGA},
mendeley-groups = {Extremes},
number = {1},
pages = {134--149},
title = {Escenarios de Cambio Climático con modelos regionales sobre el Altiplano Peruano ( Departamento de Puno )},
volume = {149},
year = {2009},
}

@article {KILLEN2007,
author = {Killeen, Timothy J. and Douglas, Michael and Consiglio, Trisha and Jørgensen, Peter M. and Mejia, John},
title = {Dry spots and wet spots in the Andean hotspot},
journal = {Journal of Biogeography},
volume = {34},
number = {8},
publisher = {Blackwell Publishing Ltd},
issn = {1365-2699},
url = {http://dx.doi.org/10.1111/j.1365-2699.2006.01682.x},
doi = {10.1111/j.1365-2699.2006.01682.x},
pages = {1357--1373},
keywords = {Biodiversity, conservation biogeography, dry forest, latitudinal diversity gradients, Pleistocene refugia, precipitation patterns, rain forest, tropical Andes, water-energy dynamics},
year = {2007},
}


%%%%%%%%% PUNTOS DE QUIEBRE

@article{Szentimrey2013,
author = {Szentimrey, Tamás},
file = {:C$\backslash$:/Users/USUARIO/AppData/Local/Mendeley Ltd./Mendeley Desktop/Downloaded/Service - 2013 - Theoretical questions of daily data homogenization.pdf:pdf},
mendeley-groups = {Homogenization},
journal = {Journal of the Hungarian Meteorological Service},
number = {1},
pages = {113--122},
title = {Theoretical questions of daily data homogenization},
volume = {117},
pages = {113--},
year = {2013},
}

@article{Mestre2011,
author = {Mestre, Olivier and Gruber, Christine and Prieur, Clémentine and Caussinus, Henri and Jourdain, Sylvie},
doi = {10.1175/2011JAMC2641.1},
issn = {1558-8424},
journal = {Journal of Applied Meteorology and Climatology},
number = {11},
pages = {2343--2358},
title = {SPLIDHOM: A Method for Homogenization of Daily Temperature Observations},
url = {http://journals.ametsoc.org/doi/abs/10.1175/2011JAMC2641.1},
volume = {50},
year = {2011},
}

@article{DMArta2006,
author = {Della-Marta, PM and Wanner, H},
journal = {Journal of Climate},
pages = {4179--4197},
title = {A method of homogenizing the extremes and mean of daily temperature measurements},
url = {http://journals.ametsoc.org/doi/abs/10.1175/JCLI3855.1},
year = {2006},
}

@article{Stepanek2012,
author = {Stepanek, P and Zahradn\'{\i}\v{c}ek, P and Farda, A},
journal = {web2.sca.uqam.ca},
title = {Correcting inhomogeneities in daily time series-comparison of methods for various meteorological elements},
url = {http://web2.sca.uqam.ca/~wgne/CMOS/PRESENTATIONS/links/5762.pdf},
year = {2012},
}

@article{Brugnara2012,
author = {Brugnara, Y. and Brunetti, M. and Maugeri, M. and Nanni, T. and Simolo, C.},
doi = {10.1002/joc.2363},
file = {:C$\backslash$:/Users/USUARIO/AppData/Local/Mendeley Ltd./Mendeley Desktop/Downloaded/Brugnara et al. - 2012 - High-resolution analysis of daily precipitation trends in the central Alps over the last century.pdf:pdf},
issn = {08998418},
journal = {International Journal of Climatology},
keywords = {accepted 16 april 2011,alps,daily precipitation,homogenization,precipitation intensity,received 3 september 2010,revised 15 march 2011},
month = jul,
number = {9},
pages = {1406--1422},
title = {High-resolution analysis of daily precipitation trends in the central Alps over the last century},
url = {http://doi.wiley.com/10.1002/joc.2363},
volume = {32},
year = {2012},
}

@article {Wijngaard2003,
author = {Wijngaard, J. B. and Klein Tank, A. M. G. and Können, G. P.},
title = {Homogeneity of 20th century European daily temperature and precipitation series},
journal = {International Journal of Climatology},
volume = {23},
number = {6},
publisher = {John Wiley & Sons, Ltd.},
issn = {1097-0088},
url = {http://dx.doi.org/10.1002/joc.906},
doi = {10.1002/joc.906},
pages = {679--692},
keywords = {daily dataset, Europe, homogeneity, temperature, precipitation, trend analysis},
year = {2003},
}


%%%%%%%%%%%%%%%%%% RESULTADOS %%%%%%%%%%%%%

@article {Killen2007,
author = {Killeen, Timothy J. and Douglas, Michael and Consiglio, Trisha and Jørgensen, Peter M. and Mejia, John},
title = {Dry spots and wet spots in the Andean hotspot},
journal = {Journal of Biogeography},
volume = {34},
number = {8},
publisher = {Blackwell Publishing Ltd},
issn = {1365-2699},
url = {http://dx.doi.org/10.1111/j.1365-2699.2006.01682.x},
doi = {10.1111/j.1365-2699.2006.01682.x},
pages = {1357--1373},
keywords = {Biodiversity, conservation biogeography, dry forest, latitudinal diversity gradients, Pleistocene refugia, precipitation patterns, rain forest, tropical Andes, water-energy dynamics},
year = {2007},
}

@article{Galvez2006,
author = {Gálvez, José M and Orozco, Raquel K and Reyes, Carmen R and Douglas, Michael W},
number = {2003},
pages = {1041--1047},
title = {OBSERVED DIURNAL CIRCULATIONS AND RAINFALL OVER THE ALTIPLANO DURING THE SALLJEX},
year = {2006},
}


%METODOLOGIA CITATIONES 

@book{Storch1999,
author = {Hans V. Storch and Francis W. Zwiers},
title = {Statistical Analysis in Climate Research}, 
publisher = {Cambridge University Press}, 
year = {1999},
isbn = {9780511612336}, 
note = {Cambridge Books Online}, 
url = {http://dx.doi.org/10.1017/CBO9780511612336},
}

@book{WILKS201,
title={Statistical Methods in the Atmospheric Sciences},
author={D. S. Wilks},
isbn={9780127519661},
lccn={94031848},
series={International geophysics series},
year={2006},
publisher={Academic Press},
}

@article{FISHER1915,
author = {R. A. Fisher}, 
title = {FREQUENCY DISTRIBUTION OF THE VALUES OF THE CORRELATION COEFFIENTS IN SAMPLES FROM AN INDEFINITELY LARGE POPULATION},
volume = {10}, 
number = {4}, 
pages = {507-521}, 
year = {1915}, 
doi = {10.1093/biomet/10.4.507}, 
URL = {http://biomet.oxfordjournals.org/content/10/4/507.short}, 
journal = {Biometrika},
}

@manual{Rbase13,
title = {R: A Language and Environment for Statistical Computing},
author = {R-Core-Team},
organization = {R Foundation for Statistical Computing},
address = {Vienna, Austria},
year = {2013},
url = {http://www.R-project.org/},
}
  
  
@article{Spearman1904,
author = {Spearman, C},
journal = {The American journal of psychology},
number = {1},
pages = {72--101},
title = {The proof and measurement of association between two things},
url = {http://www.jstor.org/stable/1412159},
volume = {15},
year = {1904},
}

@article{Pettitt1979,
author = {A. N. Pettitt},
journal = {Applied Statistics},
number = {2},
pages = {126--135},
publisher = {Blackwell Publishing for the Royal Statistical Society},
title = {A Non-Parametric Approach to the Change-Point Problem},
url = {http://dx.doi.org/10.2307/2346729},
volume = {28},
year = {1979},
}

  @article{Mann1945,
     title = {Nonparametric Tests Against Trend},
     author = {Mann, Henry B.},
     journal = {Econometrica},
     volume = {13},
     number = {3},
     pages = {245-259},
     url = {http://www.jstor.org/stable/1907187},
     ISSN = {00129682},
     year = {1945},
     publisher = {The Econometric Society},
    }
    
  @book{Kendall1975,
  title={Rank Correlation Methods},
  author={Kendall, M.G.},
  year={1975},
  publisher={Charles Griffin},
}

  @Manual{ZypR,
    title = {zyp: Zhang + Yue-Pilon trends package},
    author = {David Bronaugh and Arelia Werner},
    year = {2013},
    note = {R package version 0.10-1},
    url = {http://CRAN.R-project.org/package=zyp},
  }
  
@article{WILKS202,
  author = {D. S. Wilks},
  journal = {Journal of Applied Meteorology and Climatology},
  pages = {1181-1189},
  title = {On “Field Significance” and the False Discovery Rate},
  url = {http://journals.ametsoc.org/doi/abs/10.1175/JAM2404.1},
  volume = {45},
  year ={2006},
}


 @Article{GeoR,
     title         = {geoR: a package for geostatistical analysis},
     author        = {Ribeiro Jr., P.J. and Diggle, P.J.},
     journal       = {R-NEWS},
     year          = {2001},
     volume        = {1},
     number        = {2},
     pages         = {15--18},
     issn          = {1609-3631},
     url           = {http://cran.R-project.org/doc/Rnews},
 }

 @Manual{PracmA1,
    title = {pracma: Practical Numerical Math Functions},
    author = {Hans Werner Borchers},
    year = {2015},
    note = {R package version 1.8.3},
    url = {http://CRAN.R-project.org/package=pracma},
  }



